<record><leader>00000cas a22000007i 4500</leader><controlfield tag="001">862979511</controlfield><controlfield tag="006">m     o  d        </controlfield><controlfield tag="007">cr |n|000|||||</controlfield><controlfield tag="008">860528d18841885mtuwr neo     0   a0eng  </controlfield><datafield ind1=" " ind2=" " tag="010"><subfield code="a">  2013271995</subfield></datafield><datafield ind1=" " ind2=" " tag="040"><subfield code="a">Nz</subfield><subfield code="b">eng</subfield><subfield code="e">rda</subfield><subfield code="c">Z5A</subfield><subfield code="d">DLC</subfield><subfield code="d">OCLCF</subfield></datafield><datafield ind1="0" ind2=" " tag="022"><subfield code="a">2332-9793</subfield><subfield code="2">1</subfield></datafield><datafield ind1="0" ind2=" " tag="029"><subfield code="a">NZ1</subfield><subfield code="b">15127742</subfield></datafield><datafield ind1=" " ind2=" " tag="042"><subfield code="a">msc</subfield><subfield code="a">nsdp</subfield></datafield><datafield ind1=" " ind2=" " tag="043"><subfield code="a">n-us-mt</subfield></datafield><datafield ind1="1" ind2="0" tag="050"><subfield code="a">ISSN RECORD</subfield></datafield><datafield ind1="0" ind2="0" tag="082"><subfield code="a">071</subfield><subfield code="2">23</subfield></datafield><datafield ind1="0" ind2=" " tag="130"><subfield code="a">Sun River sun (Online)</subfield></datafield><datafield ind1=" " ind2="0" tag="222"><subfield code="a">Sun River sun</subfield><subfield code="b">(Online)</subfield></datafield><datafield ind1="1" ind2="0" tag="245"><subfield code="a">Sun River sun.</subfield></datafield><datafield ind1=" " ind2="1" tag="264"><subfield code="a">Sun River, Montana Territory :</subfield><subfield code="b">Sun River Publishing Company,</subfield><subfield code="c">1884-1885.</subfield></datafield><datafield ind1=" " ind2=" " tag="300"><subfield code="a">1 online resource</subfield></datafield><datafield ind1=" " ind2=" " tag="310"><subfield code="a">Weekly</subfield></datafield><datafield ind1=" " ind2=" " tag="336"><subfield code="a">text</subfield><subfield code="b">txt</subfield><subfield code="2">rdacontent</subfield></datafield><datafield ind1=" " ind2=" " tag="337"><subfield code="a">computer</subfield><subfield code="b">c</subfield><subfield code="2">rdamedia</subfield></datafield><datafield ind1=" " ind2=" " tag="338"><subfield code="a">online resource</subfield><subfield code="b">cr</subfield><subfield code="2">rdacarrier</subfield></datafield><datafield ind1="1" ind2=" " tag="362"><subfield code="a">Began with vol. 1, no. 1 (February 14, 1884); ceased with vol. 2, no. 11 (April 30, 1885).</subfield></datafield><datafield ind1=" " ind2=" " tag="588"><subfield code="a">Description based on: Vol. 1, no. 1 (February 14, 1884); title from masthead (Chroniclingamerica.loc.gov, viewed January 23, 2014).</subfield></datafield><datafield ind1=" " ind2=" " tag="588"><subfield code="a">Latest issue consulted: Vol. 2, no. 11 (April 30, 1885) (Chroniclingamerica.loc.gov, viewed January 23, 2014).</subfield></datafield><datafield ind1=" " ind2="0" tag="651"><subfield code="a">Sun River (Mont.)</subfield><subfield code="v">Newspapers.</subfield></datafield><datafield ind1=" " ind2="7" tag="655"><subfield code="a">Newspapers.</subfield><subfield code="2">fast</subfield><subfield code="0">(OCoLC)fst01423814</subfield></datafield><datafield ind1=" " ind2="7" tag="651"><subfield code="a">Montana</subfield><subfield code="z">Sun River.</subfield><subfield code="2">fast</subfield><subfield code="0">(OCoLC)fst01282308</subfield></datafield><datafield ind1=" " ind2=" " tag="752"><subfield code="a">United States</subfield><subfield code="b">Montana</subfield><subfield code="c">Cascade</subfield><subfield code="d">Sun River.</subfield></datafield><datafield ind1="0" ind2="8" tag="776"><subfield code="i">Originally issued in print:</subfield><subfield code="t">Sun River sun</subfield><subfield code="x">2332-9785</subfield><subfield code="w">(DLC)sn 86075197</subfield><subfield code="w">(OCoLC)13650907</subfield></datafield><datafield ind1="0" ind2="0" tag="785"><subfield code="t">Great Falls tribune (Great Falls, Mont. : 1885 : Online )</subfield><subfield code="x">2329-6445</subfield><subfield code="w">(DLC)  2013218815</subfield><subfield code="w">(OCoLC)849507496</subfield></datafield><datafield ind1="4" ind2="0" tag="856"><subfield code="a">http://www.loc.gov/chroniclingamerica/lccn/sn86075197/issues</subfield></datafield></record>